%---------------------------------------------------------------------------%
%-                                                                         -%
%-                             Bibliography                                -%
%-                                                                         -%
%---------------------------------------------------------------------------%
@article{Saur2006Review,
  title={Review of "IEEE Computer Society Real-World Software Engineering Problems: A Self-Study Guide for Today's Software Professional by J. Fernando Naveda and Stephen B. Seidman", Prentice Hall, 2006, ISBN 0-471-71051-2},
  author={Saur, Joe},
  volume={31},
  number={6},
  pages={58-58},
  year={2006},
}

@inproceedings{Board2002IEEE,
  title={IEEE Recommended Practice for Software Requirements Specications},
  author={Board, Ieee Sa Standards},
  booktitle={IEEE Std 830-1998},
  year={2002},
}

@inproceedings{Vlas2011A,
  title={A Rule-Based Natural Language Technique for Requirements Discovery and Classification in Open-Source Software Development Projects},
  author={Vlas, Radu and Robinson, William N.},
  booktitle={2011 44th Hawaii International Conference on System Sciences (HICSS 2011)},
  year={2011},
}

@article{唐中君基于,
  title={基于Kano模型的个性化需求获取方法研究},
  author={唐中君 and 龙玉玲},
  journal={软科学},
  number={02},
  pages={131-135},
}

@phdthesis{孙挺2002基于,
  title={基于 UML 的需求获取技术研究},
  author={孙挺},
  year={2002},
  school={郑州: 郑州大学}
}


@inproceedings{panichella2014developers,
  title={How developers' collaborations identified from different sources tell us about code changes},
  author={Panichella, Sebastiano and Bavota, Gabriele and Di Penta, Massimiliano and Canfora, Gerardo and Antoniol, Giuliano},
  booktitle={2014 IEEE International Conference on Software Maintenance and Evolution},
  pages={251--260},
  year={2014},
  organization={IEEE}
}

@inproceedings{Sorbo2016Development,
  title={Development Emails Content Analyzer: Intention Mining in Developer Discussions (T)},
  author={Sorbo, Andrea Di and Panichella, Sebastiano and Visaggio, Corrado A. and Penta, Massimiliano Di and Canfora, Gerardo and Gall, Harald C.},
  booktitle={2015 30th IEEE/ACM International Conference on Automated Software Engineering (ASE)},
  year={2016},
}

@inproceedings{shi2017understanding,
  title={Understanding feature requests by leveraging fuzzy method and linguistic analysis},
  author={Shi, Lin and Chen, Celia and Wang, Qing and Li, Shoubin and Boehm, Barry},
  booktitle={2017 32nd IEEE/ACM International Conference on Automated Software Engineering (ASE)},
  pages={440--450},
  year={2017},
  organization={IEEE}
}

@inproceedings{Rodeghero2017Detecting,
  title={Detecting User Story Information in Developer-Client Conversations to Generate Extractive Summaries},
  author={Rodeghero, Paige and Jiang, Siyuan and Armaly, Ameer and Mcmillan, Collin},
  booktitle={2017 IEEE/ACM 39th International Conference on Software Engineering (ICSE)},
  year={2017},
}

@article{Huang2018Automating,
  title={Automating Intention Mining},
  author={Huang, Qiao and Xia, Xin and Lo, David and Murphy, Gail C.},
  journal={IEEE Transactions on Software Engineering},
  year={2018},
}

@article{kim2014convolutional,
  title={Convolutional neural networks for sentence classification},
  author={Kim, Yoon},
  journal={arXiv preprint arXiv:1408.5882},
  year={2014}
}

@article{zhang2015sensitivity,
  title={A sensitivity analysis of (and practitioners' guide to) convolutional neural networks for sentence classification},
  author={Zhang, Ye and Wallace, Byron},
  journal={arXiv preprint arXiv:1510.03820},
  year={2015}
}

@article{Morales2019Speech,
  title={Speech-acts based analysis for requirements discovery from online discussions},
  author={Morales-Ramirez, Itzel and Kifetew, Fitsum Meshesha and Perini, Anna},
  journal={Information Systems},
  year={2019},
}

@article{groen2017crowd,
  title={The crowd in requirements engineering: The landscape and challenges},
  author={Groen, Eduard C and Seyff, Norbert and Ali, Raian and Dalpiaz, Fabiano and Doerr, Joerg and Guzman, Emitza and Hosseini, Mahmood and Marco, Jordi and Oriol, Marc and Perini, Anna and others},
  journal={IEEE software},
  volume={34},
  number={2},
  pages={44--52},
  year={2017},
  publisher={IEEE}
}

@inproceedings{maalej2015bug,
  title={Bug report, feature request, or simply praise? on automatically classifying app reviews},
  author={Maalej, Walid and Nabil, Hadeer},
  booktitle={2015 IEEE 23rd international requirements engineering conference (RE)},
  pages={116--125},
  year={2015},
  organization={IEEE}
}

@inproceedings{feng2006intelligent,
  title={An intelligent discussion-bot for answering student queries in threaded discussions},
  author={Feng, Donghui and Shaw, Erin and Kim, Jihie and Hovy, Eduard},
  booktitle={Proceedings of the 11th international conference on Intelligent user interfaces},
  pages={171--177},
  year={2006}
}

@inproceedings{morales2014discovering,
  title={Discovering Speech Acts in Online Discussions: A Tool-supported method.},
  author={Morales-Ramirez, Itzel and Perini, Anna},
  booktitle={CAiSE (Forum/Doctoral Consortium)},
  pages={137--144},
  year={2014}
}

@misc{acts1969essay,
  title={An essay in the philosophy of language},
  author={Acts, Speech},
  year={1969},
  publisher={Cambridge: Cambridge University Press}
}

@article{fitzgerald2006transformation,
  title={The transformation of open source software},
  author={Fitzgerald, Brian},
  journal={MIS quarterly},
  pages={587--598},
  year={2006},
  publisher={JSTOR}
}

@inproceedings{arya2019analysis,
  title={Analysis and detection of information types of open source software issue discussions},
  author={Arya, Deeksha and Wang, Wenting and Guo, Jin LC and Cheng, Jinghui},
  booktitle={2019 IEEE/ACM 41st International Conference on Software Engineering (ICSE)},
  pages={454--464},
  year={2019},
  organization={IEEE}
}

@inproceedings{maalej2015bug,
  title={Bug report, feature request, or simply praise? on automatically classifying app reviews},
  author={Maalej, Walid and Nabil, Hadeer},
  booktitle={2015 IEEE 23rd international requirements engineering conference (RE)},
  pages={116--125},
  year={2015},
  organization={IEEE}
}

@inproceedings{yu2011communications,
  title={Communications in global software development: an empirical study using GTK+ OSS repository},
  author={Yu, Liguo and Ramaswamy, Srini and Mishra, Alok and Mishra, Deepti},
  booktitle={OTM Confederated International Conferences" On the Move to Meaningful Internet Systems"},
  pages={218--227},
  year={2011},
  organization={Springer}
}

@inproceedings{lin2016developers,
  title={Why developers are slacking off: Understanding how software teams use slack},
  author={Lin, Bin and Zagalsky, Alexey and Storey, Margaret-Anne and Serebrenik, Alexander},
  booktitle={Proceedings of the 19th ACM Conference on Computer Supported Cooperative Work and Social Computing Companion},
  pages={333--336},
  year={2016}
}

@inproceedings{shihab2009studying,
  title={Studying the use of developer IRC meetings in open source projects},
  author={Shihab, Emad and Jiang, Zhen Ming and Hassan, Ahmed E},
  booktitle={2009 IEEE International Conference on Software Maintenance},
  pages={147--156},
  year={2009},
  organization={IEEE}
}

@inproceedings{chatterjee2019exploratory,
  title={Exploratory study of slack Q\&A chats as a mining source for software engineering tools},
  author={Chatterjee, Preetha and Damevski, Kostadin and Pollock, Lori and Augustine, Vinay and Kraft, Nicholas A},
  booktitle={2019 IEEE/ACM 16th International Conference on Mining Software Repositories (MSR)},
  pages={490--501},
  year={2019},
  organization={IEEE}
}

@book{wikibook2014latex,
    title={http://en.wikibooks.org/wiki/LaTeX},
    author={Wikibook},
    year={2014},
    publisher={On-line Resources}
}
@book{lamport1986document,
    title={Document Preparation System},
    author={Lamport, Leslie},
    year={1986},
    publisher={Addison-Wesley Reading, MA}
}
@article{chen2005zhulu,
    title={著录文后参考文献的规则及注意事项},
    author={陈浩元},
    key={Chen Hao Yuan},
    journal={编辑学报},
    volume={17},
    number={6},
    pages={413--415},
    year={2005}
}
@book{chu2004tushu,
    title={图书馆数字参考咨询服务研究},
    author={初景利},
    key={Chu Jing Li},
    year={2004},
    address={北京},
    publisher={北京图书馆出版社}
}
@article{stamerjohanns2009mathml,
    title={{MathML}-aware article conversion from {LaTeX}},
    author={Stamerjohanns, Heinrich and Ginev, Deyan and David, Catalin and Misev, Dimitar and Zamdzhiev, Vladimir and Kohlhase, Michael},
    journal={Towards a Digital Mathematics Library},
    volume={16},
    number={2},
    pages={109--120},
    year={2009},
    publisher={Masaryk University Press}
}
@article{betts2005aging,
    title={Aging reduces center-surround antagonism in visual motion processing},
    author={Betts, Lisa R and Taylor, Christopher P},
    journal={Neuron},
    volume={45},
    number={3},
    pages={361--366},
    year={2005},
    publisher={Elsevier}
}

@article{bravo1990comparative,
    title={Comparative study of visual inter and intrahemispheric cortico-cortical connections in five native Chilean rodents},
    author={Bravo, Hermes and Olavarria, Jaime},
    journal={Anatomy and embryology},
    volume={181},
    number={1},
    pages={67--73},
    year={1990},
    publisher={Springer}
}
@book{hls2012jinji,
    author       = {哈里森·沃尔德伦},
    key          = {Haliseng Woerdelun},
    translator   = {谢远涛},
    title        = {经济数学与金融数学},
    address      = {北京},
    publisher    = {中国人民大学出版社},
    year         = {2012},
    pages        = {235--236},
}
@proceedings{niu2013zonghe,
    editor       = {牛志明 and 斯温兰德 and 雷光春},
    key          = {Niu Zhi Ming Siwenlande Lei Guang Chun},
    title        = {综合湿地管理国际研讨会论文集},
    address      = {北京},
    publisher    = {海洋出版社},
    year         = {2013},
}
@incollection{chen1980zhongguo,
    author       = {陈晋镳 and 张惠民 and 朱士兴 and 赵震 and
        王振刚},
    key          = {Chen Jing Ao Zhang Hui Ming Zhu Shi Xing Zhao Zhen Wang Zhen Gang},
    title        = {蓟县震旦亚界研究},
    editor       = {中国地质科学院天津地质矿产研究所},
    booktitle    = {中国震旦亚界},
    address      = {天津},
    publisher    = {天津科学技术出版社},
    year         = {1980},
    pages        = {56--114},
}
@article{yuan2012lana,
    author       = {袁训来 and 陈哲 and 肖书海},
    key          = {Yuan xun lai Chen zhe Xiao shu Hai},
    title        = {蓝田生物群: 一个认识多细胞生物起源和早期演化的新窗口 -- 篇一},
    journal      = {科学通报},
    year         = {2012},
    volume       = {57},
    number       = {34},
    pages        = {3219},
}
@article{yuan2012lanb,
    author       = {袁训来 and 陈哲 and 肖书海},
    key          = {Yuan xun lai Chen zhe Xiao shu Hai},
    title        = {蓝田生物群: 一个认识多细胞生物起源和早期演化的新窗口 -- 篇二},
    journal      = {科学通报},
    year         = {2012},
    volume       = {57},
    number       = {34},
    pages        = {3219},
}
@article{yuan2012lanc,
    author       = {袁训来 and 陈哲 and 肖书海},
    key          = {Yuan xun lai Chen zhe Xiao shu Hai},
    title        = {蓝田生物群: 一个认识多细胞生物起源和早期演化的新窗口 -- 篇三},
    journal      = {科学通报},
    year         = {2012},
    volume       = {57},
    number       = {34},
    pages        = {3219},
}
@article{walls2013drought,
    author       = {Walls, Susan C. and Barichivich, William J. and Brown, Mary
        E.},
    title        = {Drought, deluge and declines: the impact of precipitation
        extremes on amphibians in a changing climate},
    journal      = {Biology},
    year         = {2013},
    volume       = {2},
    number       = {1},
    pages        = {399--418},
    urldate      = {2013-11-04},
    url          = {http://www.mdpi.com/2079-7737/2/1/399},
    doi          = {10.3390/biology2010399},
}
@article{Bohan1928,
    author = { ボハン, デ},
    title = { 過去及び現在に於ける英国と会 },
    journal = { 日本時報 },
    year = { 1928 },
    volume = { 17 },
    pages = { 5-9 },
    edition = { 9 },
    hyphenation = { japanese },
    language = { japanese }
}

@article{Dubrovin1906,
    author = { Дубровин, А. И },
    title = { Открытое письмо Председателя Главного Совета Союза Русского Народа Санкт-Петербургскому Антонию, Первенствующему члену Священного Синода },
    journal = { Вече },
    year = { 1906 },
    volume = {  },
    edition = { 97 },
    month = { 7 дек. 1906 },
    pages = { 1-3 },
    hyphenation = { russian },
    language = { russian }
}
%---------------------------------------------------------------------------%
